{
  "leader": "02528cam a22004571i 4500",
  "fields": [
    {
      "001": "ocm00296763\\"
    },
    {
      "003": "OCoLC"
    },
    {
      "005": "20220630152119.0"
    },
    {
      "008": "720501s1918\\\\\\\\maud\\\\\\\\\\b\\\\\\\\000\\0\\eng\\\\"
    },
    {
      "010": {
        "ind1": "\\",
        "ind2": "\\",
        "subfields": [
          {
            "a": "   18023060 "
          }
        ]
      }
    },
    {
      "040": {
        "ind1": "\\",
        "ind2": "\\",
        "subfields": [
          {
            "a": "DLC"
          },
          {
            "b": "eng"
          },
          {
            "c": "YNG"
          },
          {
            "d": "DLC"
          },
          {
            "d": "OCLCQ"
          },
          {
            "d": "OCLCG"
          },
          {
            "d": "QE2"
          },
          {
            "d": "KRTAS"
          },
          {
            "d": "AMAZN"
          },
          {
            "d": "OCLCQ"
          },
          {
            "d": "EZN"
          },
          {
            "d": "OCLCQ"
          },
          {
            "d": "OCLCO"
          },
          {
            "d": "OCLCF"
          },
          {
            "d": "EUW"
          },
          {
            "d": "OCLCQ"
          },
          {
            "d": "OCL"
          },
          {
            "d": "NLC"
          },
          {
            "d": "CSJ"
          },
          {
            "d": "OCL"
          },
          {
            "d": "OCLCO"
          },
          {
            "d": "OCLCQ"
          },
          {
            "d": "GILDS"
          },
          {
            "d": "OCLCQ"
          },
          {
            "d": "OCLCO"
          },
          {
            "d": "CNO"
          },
          {
            "d": "OCLCO"
          },
          {
            "d": "NLC"
          },
          {
            "d": "OCLCA"
          },
          {
            "d": "IL4J6"
          },
          {
            "d": "OCLCO"
          }
        ]
      }
    },
    {
      "016": {
        "ind1": "\\",
        "ind2": "\\",
        "subfields": [
          {
            "a": "(AMICUS)000011937610"
          }
        ]
      }
    },
    {
      "019": {
        "ind1": "\\",
        "ind2": "\\",
        "subfields": [
          {
            "a": "314862197"
          },
          {
            "a": "832974858"
          },
          {
            "a": "907101280"
          },
          {
            "a": "1007249524"
          },
          {
            "a": "1056964105"
          },
          {
            "a": "1157726453"
          },
          {
            "a": "1181145396"
          },
          {
            "a": "1243750696"
          },
          {
            "a": "1252151052"
          },
          {
            "a": "1263976874"
          }
        ]
      }
    },
    {
      "035": {
        "ind1": "\\",
        "ind2": "\\",
        "subfields": [
          {
            "a": "(OCoLC)296763"
          },
          {
            "z": "(OCoLC)314862197"
          },
          {
            "z": "(OCoLC)832974858"
          },
          {
            "z": "(OCoLC)907101280"
          },
          {
            "z": "(OCoLC)1007249524"
          },
          {
            "z": "(OCoLC)1056964105"
          },
          {
            "z": "(OCoLC)1157726453"
          },
          {
            "z": "(OCoLC)1181145396"
          },
          {
            "z": "(OCoLC)1243750696"
          },
          {
            "z": "(OCoLC)1252151052"
          },
          {
            "z": "(OCoLC)1263976874"
          }
        ]
      }
    },
    {
      "043": {
        "ind1": "\\",
        "ind2": "\\",
        "subfields": [
          {
            "a": "n-us---"
          }
        ]
      }
    },
    {
      "050": {
        "ind1": "0",
        "ind2": "0",
        "subfields": [
          {
            "a": "HD45"
          },
          {
            "b": ".K54"
          }
        ]
      }
    },
    {
      "055": {
        "ind1": "0",
        "ind2": "1",
        "subfields": [
          {
            "a": "HD45"
          }
        ]
      }
    },
    {
      "082": {
        "ind1": "0",
        "ind2": "4",
        "subfields": [
          {
            "a": "331"
          },
          {
            "b": "KIN"
          }
        ]
      }
    },
    {
      "100": {
        "ind1": "1",
        "ind2": "\\",
        "subfields": [
          {
            "a": "King, William Lyon Mackenzie,"
          },
          {
            "d": "1874-1950."
          }
        ]
      }
    },
    {
      "245": {
        "ind1": "1",
        "ind2": "0",
        "subfields": [
          {
            "a": "Industry and humanity :"
          },
          {
            "b": "a study in the principles under-lying industrial reconstruction /"
          },
          {
            "c": "by Hon. W.L. Mackenzie King ..."
          }
        ]
      }
    },
    {
      "260": {
        "ind1": "\\",
        "ind2": "\\",
        "subfields": [
          {
            "a": "Boston ;"
          },
          {
            "a": "New York :"
          },
          {
            "b": "Houghton Mifflin Co.,"
          },
          {
            "c": "1918."
          }
        ]
      }
    },
    {
      "300": {
        "ind1": "\\",
        "ind2": "\\",
        "subfields": [
          {
            "a": "xx, 567 pages :"
          },
          {
            "b": "folded charts ;"
          },
          {
            "c": "21 cm"
          }
        ]
      }
    },
    {
      "336": {
        "ind1": "\\",
        "ind2": "\\",
        "subfields": [
          {
            "a": "text"
          },
          {
            "b": "txt"
          },
          {
            "2": "rdacontent"
          }
        ]
      }
    },
    {
      "337": {
        "ind1": "\\",
        "ind2": "\\",
        "subfields": [
          {
            "a": "unmediated"
          },
          {
            "b": "n"
          },
          {
            "2": "rdamedia"
          }
        ]
      }
    },
    {
      "338": {
        "ind1": "\\",
        "ind2": "\\",
        "subfields": [
          {
            "a": "volume"
          },
          {
            "b": "nc"
          },
          {
            "2": "rdacarrier"
          }
        ]
      }
    },
    {
      "530": {
        "ind1": "\\",
        "ind2": "\\",
        "subfields": [
          {
            "a": "Also issued online."
          }
        ]
      }
    },
    {
      "504": {
        "ind1": "\\",
        "ind2": "\\",
        "subfields": [
          {
            "a": "Includes bibliographical references."
          }
        ]
      }
    },
    {
      "505": {
        "ind1": "0",
        "ind2": "\\",
        "subfields": [
          {
            "a": "INTRODUCTION -- INDUSTRIAL AND INTERNATIONAL UNREST -- THE WORLD ASPECT -- THE HUMAN ASPECT -- CONFUSION OR PROGRESS -- THE PARTIES TO INDUSTRY -- THE BASIS OF RECONSTRUCTION -- PRINCIPLES UNDERLYING PEACE -- PRINCIPLES UNDERLYING WORK -- PRINCIPLES UNDERLYING HEALTH -- REPRESENTATION IN INDUSTRY -- GOVERNMENT IN INDUSTRY -- EDUCATION AND OPINION -- APPENDIX: Charts and Diagrams illustrative of Industrial Relations -- INDEX."
          }
        ]
      }
    },
    {
      "650": {
        "ind1": "\\",
        "ind2": "0",
        "subfields": [
          {
            "a": "Industries."
          }
        ]
      }
    },
    {
      "650": {
        "ind1": "\\",
        "ind2": "0",
        "subfields": [
          {
            "a": "Working class"
          },
          {
            "z": "United States."
          }
        ]
      }
    },
    {
      "650": {
        "ind1": "\\",
        "ind2": "0",
        "subfields": [
          {
            "a": "Reconstruction (1914-1939)"
          }
        ]
      }
    },
    {
      "650": {
        "ind1": "\\",
        "ind2": "2",
        "subfields": [
          {
            "a": "Industry"
          }
        ]
      }
    },
    {
      "650": {
        "ind1": "\\",
        "ind2": "7",
        "subfields": [
          {
            "a": "Reconstruction (1914-1939)"
          },
          {
            "2": "fast"
          },
          {
            "0": "(OCoLC)fst01091540"
          }
        ]
      }
    },
    {
      "650": {
        "ind1": "\\",
        "ind2": "7",
        "subfields": [
          {
            "a": "Industries."
          },
          {
            "2": "fast"
          },
          {
            "0": "(OCoLC)fst00971852"
          }
        ]
      }
    },
    {
      "650": {
        "ind1": "\\",
        "ind2": "7",
        "subfields": [
          {
            "a": "Working class."
          },
          {
            "2": "fast"
          },
          {
            "0": "(OCoLC)fst01180418"
          }
        ]
      }
    },
    {
      "651": {
        "ind1": "\\",
        "ind2": "7",
        "subfields": [
          {
            "a": "United States."
          },
          {
            "2": "fast"
          },
          {
            "0": "(OCoLC)fst01204155"
          }
        ]
      }
    },
    {
      "648": {
        "ind1": "\\",
        "ind2": "7",
        "subfields": [
          {
            "a": "1914-1939"
          },
          {
            "2": "fast"
          }
        ]
      }
    },
    {
      "776": {
        "ind1": "0",
        "ind2": "8",
        "subfields": [
          {
            "i": "Online version:"
          },
          {
            "a": "King, William Lyon Mackenzie, 1874-1950."
          },
          {
            "t": "Industry and humanity."
          },
          {
            "d": "Boston and New York, Houghton Mifflin Co., 1918"
          },
          {
            "w": "(OCoLC)591842339"
          }
        ]
      }
    },
    {
      "994": {
        "ind1": "\\",
        "ind2": "\\",
        "subfields": [
          {
            "a": "Z0"
          },
          {
            "b": "NYRVC"
          }
        ]
      }
    },
    {
      "948": {
        "ind1": "\\",
        "ind2": "\\",
        "subfields": [
          {
            "h": "NO HOLDINGS IN NYRVC - 235 OTHER HOLDINGS"
          }
        ]
      }
    },
    {
      "999": {
        "ind1": "\\",
        "ind2": "\\",
        "subfields": [
          {
            "a": "no barcode"
          }
        ]
      }
    }
  ]
}